% !Mode:: "TeX:UTF-8"

@BOOK{Zhangwusheng,
  author =       {{张武生,薛巍,李建江}},
  title =        {MPI并行程序设计实例教程},
  publisher =    {清华大学出版社},
  year =         {2009},
  address =      {北京},
}


@ARTICLE{Chenguoliang,
  AUTHOR =       {陈国良，孙广中，徐云，龙柏},
  TITLE =        {并行计算的一体化研究现状与发展趋势},
  JOURNAL =      {中国科学},
  YEAR =         {2009},
  volume =       {54},
  number =       {8},
  pages =        {1043--1049},
}
@ARTICLE{Xuzhihong,
  AUTHOR =       {许智宏，宋勃，郭艳艳},
  TITLE =        {模拟退火与蚁群混合并行算法解旅行商问题},
  JOURNAL =      {河北工业大学学报},
  YEAR =         {2010},
  volume =       {2},
  number =       {8},
  pages =        {40--49},
}

@ARTICLE{Zhouping,
  AUTHOR =       {周国平},
  TITLE =        {集装箱装箱优化研究},
  JOURNAL =      {港口科技},
  YEAR =         {2009},
  volume =       {15},
  number =       {16},
  pages =        {15--18},
}

@conference{Krajic,
  AUTHOR =       {Krajic,M},
  TITLE =        {Algorithm of parallel hybird genetic simulated annealing to solve of travelling salesman problem},
  BOOKTITLE=     {CVUT FEL},
  YEAR =         {2009},
}

@phdthesis{Chen1992,
   Author = {宋乐},
   Title = {异源图像融合及其评价方法的研究},
   School = {天津大学},
   Year = {2008},
   type = {博士学位论文},
   pages= {},
   ADDRESS    = "天津",
 }

@mastersthesis{Daibo,
   Author = {戴波},
   Title = {并行算法及其应用},
   School = {电子科技大学},
   Year = {2002},
   type = {硕士学位论文},
   pages= {},
   ADDRESS    = "西安",
 }
@mastersthesis{Zhangzhihong,
   Author = {张治宏},
   Title = {基于MPI的并行计算研究},
   School = {中国地质大学},
   Year = {2006},
   type = {硕士学位论文},
   pages= {},
   ADDRESS    = "北京",
 }

@phdthesis{Chen1992,
   Author = {李世灵},
   Title = {基于Linux和MPI的集群并行系统的研究与实现},
   School = {广东工业大学},
   Year = {2006},
   type = {硕士学位论文},
   pages= {},
   ADDRESS    = "广东",
 }

@ARTICLE{Wanglei,
  AUTHOR =       {王磊},
  TITLE =        {并行计算技术综述},
  JOURNAL =      {信息技术},
  YEAR =         {2012},
  volume =       {10},
  pages =        {112--116},
}

@ARTICLE{Hufeng,
  AUTHOR =       {胡峰，胡保生},
  TITLE =        {并行计算技术与并行算法综述},
  JOURNAL =      {5},
  YEAR =         {1999},
  volume =       {10},
  pages =        {47--59},
}
@inproceedings{agrawal2007resolving,
  title   =       {Resolving objects at higher resolution from a single motion-blurred image},
  author  =       {Agrawal, A. and Raskar, R.},
  booktitle  =    {Computer Vision and Pattern Recognition, 2007. CVPR'07. IEEE Conference on},
  year       =    {2007},
  pages   =       {1--8},
  organization =  {IEEE}
}

@inproceedings{zhang2010tree,
  title    =    {A tree parent storage based on hashtable for XML construction},
  author    =   {Zhang, J. and Li, X. and Chen, J. and Qian, Z.},
  booktitle   = {Communication Systems, Networks and Applications (ICCSNA), 2010 Second International Conference on},
  volume    =   {1},
  year   =      {2010},
  pages   =     {325--328},
  organization= {IEEE}
}

@CONFERENCE{Niwa1990,
  author =       {S.Niwa and M. Suzuki and K. Kimura},
  title =        {Electrical Shock Absorber for Docking System Space},
  booktitle =    {IEEE International Workshop on Intelligent Motion Control},
  year =         {1990},
  pages  =       {825--830},
  address =      {Istenbul},
  publisher =    {Bogazici University},
}

